<?xml version="1.0" encoding="UTF-8"?>
<collection xmlns:xsi="http://www.w3.org/2001/XMLSchema-instance" xsi:schemaLocation="http://www.loc.gov/MARC21/slim http://www.loc.gov/standards/marcxml/schema/MARC21slim.xsd" xmlns="http://www.loc.gov/MARC21/slim">
<record>
  <leader>00867cam a2200217 u 4500</leader>
  <controlfield tag="001">650906</controlfield>
  <controlfield tag="003">NNC</controlfield>
  <controlfield tag="005">20100307234024.0</controlfield>
  <controlfield tag="008">880520q19241925ua |||||||||||||||||ara||</controlfield>
  <datafield tag="035" ind1=" " ind2=" ">
    <subfield code="a">(OCoLC)60601375</subfield>
  </datafield>
  <datafield tag="035" ind1=" " ind2=" ">
    <subfield code="a">(OCoLC)ocm60601375</subfield>
  </datafield>
  <datafield tag="035" ind1=" " ind2=" ">
    <subfield code="a">(CStRLIN)NYCG88-B36531</subfield>
  </datafield>
  <datafield tag="035" ind1=" " ind2=" ">
    <subfield code="9">ACV8152CU</subfield>
  </datafield>
  <datafield tag="035" ind1=" " ind2=" ">
    <subfield code="a">(NNC)650906</subfield>
  </datafield>
  <datafield tag="100" ind1="1" ind2="0">
    <subfield code="a">Ṣabbān, Muḥammad ibn ʻAlī,</subfield>
    <subfield code="d">d. 1791 or 2.</subfield>
  </datafield>
  <datafield tag="245" ind1="1" ind2="0">
    <subfield code="a">Ḥāshiyat al-Ṣabbān ʻalá Sharḥ al-Ushmūnī ʻalá Alfīyat Ibn Mālik fi al-nahw wa-al-sarf.</subfield>
  </datafield>
  <datafield tag="260" ind1="0" ind2=" ">
    <subfield code="a">Misr :</subfield>
    <subfield code="b">al-Maktabah al-Azhariyah,</subfield>
    <subfield code="c">1343h [i.e. 1924 or 1925]</subfield>
  </datafield>
  <datafield tag="300" ind1=" " ind2=" ">
    <subfield code="a">4 v. in 1.</subfield>
  </datafield>
  <datafield tag="600" ind1="2" ind2="0">
    <subfield code="a">Ibn Mālik, Muḥammad ibn ʻAbd Allāh,</subfield>
    <subfield code="d">d. 1274.</subfield>
    <subfield code="t">Alfīyah.</subfield>
  </datafield>
  <datafield tag="650" ind1=" " ind2="0">
    <subfield code="a">Arabic language</subfield>
    <subfield code="x">Grammar</subfield>
    <subfield code="x">Early works to 1800.</subfield>
  </datafield>
  <datafield tag="700" ind1="1" ind2="0">
    <subfield code="a">Ushmūnī, ʻAlī ibn Muḥammad,</subfield>
    <subfield code="d">1435-1494 or 5.</subfield>
    <subfield code="t">Manhaj al-sālik ilá Alfīyat Ibn Mālik.</subfield>
  </datafield>
  <datafield tag="955" ind1=" " ind2=" ">
    <subfield code="b">CU59577789</subfield>
    <subfield code="d">off,glx</subfield>
    <subfield code="e">ME06817</subfield>
  </datafield>
</record>
</collection>